@online{openai-whisper,
  author = {OpenAI},
  title = {Whisper: Supervising Graph Neural Networks for Flexible Predicate Prediction},
  year = {2022},
  url = {https://openai.com/research/whisper},
  urldate = {2023-04-30}
}

@misc{my-dream,
  title = {Na tuto informaci jsem narazil ve snu},
  author = {Adam Such√Ω},
  year = {2023},
}
